<marc:record xmlns:marc="http://www.loc.gov/MARC21/slim" xmlns:xsi="http://www.w3.org/2001/XMLSchema-instance" xsi:schemaLocation="http://www.loc.gov/MARC21/slim http://www.loc.gov/standards/marcxml/schema/MARC21slim.xsd">
  <marc:leader>     cam a2200313 a 4500</marc:leader>
  <marc:controlfield tag="001">001685300</marc:controlfield>
  <marc:controlfield tag="003">NNU</marc:controlfield>
  <marc:controlfield tag="005">20061010173256.0</marc:controlfield>
  <marc:controlfield tag="008">990427s1933    ua h     b    000 0 ara d</marc:controlfield>
  <marc:datafield tag="010" ind1=" " ind2=" ">
    <marc:subfield code="a">59036702</marc:subfield>
  </marc:datafield>
  <marc:datafield tag="035" ind1="9" ind2=" ">
    <marc:subfield code="a">NYUb12228737</marc:subfield>
  </marc:datafield>
  <marc:datafield tag="035" ind1=" " ind2=" ">
    <marc:subfield code="a">(NNU)NYUb12228737</marc:subfield>
  </marc:datafield>
  <marc:datafield tag="040" ind1=" " ind2=" ">
    <marc:subfield code="c">CarP</marc:subfield>
    <marc:subfield code="d">MiU</marc:subfield>
    <marc:subfield code="d">UaCaAUL</marc:subfield>
  </marc:datafield>
  <marc:datafield tag="050" ind1="0" ind2=" ">
    <marc:subfield code="a">PJ6617.B8</marc:subfield>
    <marc:subfield code="b">M89 (Orien Arab)</marc:subfield>
  </marc:datafield>
  <marc:datafield tag="066" ind1=" " ind2=" ">
    <marc:subfield code="c">(3</marc:subfield>
  </marc:datafield>
  <marc:datafield tag="090" ind1=" " ind2=" ">
    <marc:subfield code="a">PJ6617.B8</marc:subfield>
    <marc:subfield code="b">M8</marc:subfield>
  </marc:datafield>
  <marc:datafield tag="100" ind1="1" ind2=" ">
    <marc:subfield code="a">Yāzijī, Ibrāhīm,</marc:subfield>
    <marc:subfield code="d">1847-1906</marc:subfield>
    <marc:subfield code="6">01</marc:subfield>
  </marc:datafield>
  <marc:datafield tag="100" ind1="1" ind2=" ">
    <marc:subfield code="6">01</marc:subfield>
    <marc:subfield code="a">يازجى، ابراهيم،</marc:subfield>
    <marc:subfield code="d">1906-1847.</marc:subfield>
  </marc:datafield>
  <marc:datafield tag="245" ind1="1" ind2="0">
    <marc:subfield code="6">02</marc:subfield>
    <marc:subfield code="a">Tanbīhāt al-Yāzijī ʻalā Muḥīṭ al-Bustānī /</marc:subfield>
    <marc:subfield code="c">Jamaʻahā wa-ḥalla ramūzihā Salīm Shamʻūn wa-Jubrān al-Naḥḥās.</marc:subfield>
  </marc:datafield>
  <marc:datafield tag="245" ind1="1" ind2="0">
    <marc:subfield code="6">02</marc:subfield>
    <marc:subfield code="a">تنبيهات اليازجى على محيط البستانى /</marc:subfield>
    <marc:subfield code="c">جمعها وحل رموزها سليم شمعون وجبران النحاس.</marc:subfield>
  </marc:datafield>
  <marc:datafield tag="260" ind1=" " ind2=" ">
    <marc:subfield code="6">03</marc:subfield>
    <marc:subfield code="a">al-Iskandarīyah :</marc:subfield>
    <marc:subfield code="b">Maṭbaʻat Ṣalāḥ al-Dīn,</marc:subfield>
    <marc:subfield code="c">1933.</marc:subfield>
  </marc:datafield>
  <marc:datafield tag="260" ind1=" " ind2=" ">
    <marc:subfield code="6">03</marc:subfield>
    <marc:subfield code="a">الاسكندرية :</marc:subfield>
    <marc:subfield code="b">مطبعة صلاح الدين،</marc:subfield>
    <marc:subfield code="c">1933.</marc:subfield>
  </marc:datafield>
  <marc:datafield tag="300" ind1=" " ind2=" ">
    <marc:subfield code="a">100 p. :</marc:subfield>
    <marc:subfield code="b">facsims. ;</marc:subfield>
    <marc:subfield code="c">28 cm.</marc:subfield>
  </marc:datafield>
  <marc:datafield tag="500" ind1=" " ind2=" ">
    <marc:subfield code="a">"Bāb al-Hamzah" T.p.</marc:subfield>
  </marc:datafield>
  <marc:datafield tag="500" ind1=" " ind2=" ">
    <marc:subfield code="a">Includes errata page.</marc:subfield>
  </marc:datafield>
  <marc:datafield tag="504" ind1=" " ind2=" ">
    <marc:subfield code="a">Includes bibliographical references.</marc:subfield>
  </marc:datafield>
  <marc:datafield tag="500" ind1=" " ind2=" ">
    <marc:subfield code="a">Added cover title in French.</marc:subfield>
  </marc:datafield>
  <marc:datafield tag="600" ind1="1" ind2="0">
    <marc:subfield code="6">04</marc:subfield>
    <marc:subfield code="a">Bustānī, Buṭrus ibn Būlus,</marc:subfield>
    <marc:subfield code="d">1818 or 19-1882 or 3.</marc:subfield>
    <marc:subfield code="t">Muḥīṭ al-muḥīṭ.</marc:subfield>
  </marc:datafield>
  <marc:datafield tag="600" ind1="1" ind2="4">
    <marc:subfield code="6">04</marc:subfield>
    <marc:subfield code="a">بستانى، بطرس،</marc:subfield>
    <marc:subfield code="d">1883-1819.</marc:subfield>
    <marc:subfield code="t">محيط المحيط.</marc:subfield>
  </marc:datafield>
  <marc:datafield tag="998" ind1=" " ind2=" ">
    <marc:subfield code="a">20010429</marc:subfield>
    <marc:subfield code="d">20010429</marc:subfield>
    <marc:subfield code="d">20010429</marc:subfield>
    <marc:subfield code="n">NNU</marc:subfield>
    <marc:subfield code="s">6</marc:subfield>
    <marc:subfield code="t">c</marc:subfield>
    <marc:subfield code="z">e</marc:subfield>
  </marc:datafield>
</marc:record>
